@book{Patterson:ComputerOrgDesign,
  title = {Computer Organization and Design RISC-V Edition: The Hardware Software Interface},
  author = {David A. Patterson and John L. Hennessy},
  edition = {2nd},
  publisher = {Morgan Kaufmann},
  year = {2021}
}

@book{Stallings:CompOrgArch,
  title = {Computer Organization and Architecture: Designing for Performance},
  author = {William Stallings},
  edition = {11th},
  publisher = {Pearson},
  year = {2022}
}

@book{Wakerly:DigitalDesignVHDL,
  title = {Digital Design Using VHDL: A Systems Approach},
  author = {John F. Wakerly},
  publisher = {Pearson},
  year = {2016}
}